<?xml version="1.0" encoding="UTF-8"?><collection xmlns="http://www.loc.gov/MARC21/slim"><record><leader>00406nam--2200133-i-4500</leader><controlfield tag="001">000032410</controlfield><controlfield tag="002">20161230</controlfield><controlfield tag="005">20161230201039</controlfield><controlfield tag="008">060222s1000------------r-----000-0-eng-d</controlfield><datafield ind1=" " ind2=" " tag="080"><subfield code="a">530.16</subfield></datafield><datafield ind1=" " ind2=" " tag="100"><subfield code="a">Mises, Richard Von</subfield></datafield><datafield ind1=" " ind2=" " tag="245"><subfield code="a">Probability, statiscs and truth. second revised english edition prepared by hilda geiringer</subfield></datafield><datafield ind1=" " ind2=" " tag="260"><subfield code="a">London, George Allen And Unwin Ltd., 1961, Ix + 244p</subfield></datafield><datafield ind1=" " ind2=" " tag="852"><subfield code="a">75793</subfield></datafield></record></collection>